@misc{hatex, 
    title={Daniel-Diaz/HaTeX}, 
    url={https://github.com/daniel-diaz/hatex}, 
    journal={GitHub}, 
    author={Diaz, Daniel},
    year = "2016"
}
@misc{dates,
    title={dates: Small library for parsing different dates formats.}, 
    url={https://hackage.haskell.org/package/dates-0.2.2.1}, 
    journal={Hackage}, 
    author={Ilya Portnov},
    year = "2016"
}
@misc{tagsoup,
    title={ndmitchell/tagsoup}, 
    url={https://github.com/ndmitchell/tagsoup}, 
    journal={GitHub}, 
    author={Neil Mitchell},
    year = "2016"
}
@misc{blazehtml,
    title={jaspervdj/blaze-html}, 
    url={https://github.com/jaspervdj/blaze-html}, 
    journal={GitHub}, 
    author={Jasper Van der Jeugt},
    year = "2016"
}